<?xml version="1.0" encoding="UTF-8"?><collection xmlns="http://www.loc.gov/MARC21/slim"><record><leader>00426nam--2200121-i-4500</leader><controlfield tag="001">000022108</controlfield><controlfield tag="002">20161230</controlfield><controlfield tag="005">20161230201034</controlfield><controlfield tag="008">060222s1000------------r-----000-0-eng-d</controlfield><datafield ind1=" " ind2=" " tag="100"><subfield code="a">Halpern, Teodoro</subfield></datafield><datafield ind1=" " ind2=" " tag="245"><subfield code="a">Eine anordnung zur messung der temperatur abhandigkeit der hallkonstate und untersuchung eines ordnungsvorganges im system gold palladium. teza</subfield></datafield><datafield ind1=" " ind2=" " tag="260"><subfield code="a">Stuttgart, Technische Hochschule, 19961. 11 P</subfield></datafield><datafield ind1=" " ind2=" " tag="852"><subfield code="a">17764</subfield></datafield></record></collection>